@article{chen2022apik,
  title={APIK: Active physics-informed kriging model with partial differential equations},
  author={Chen, Jialei and Chen, Zhehui and Zhang, Chuck and Jeff Wu, CF},
  journal={SIAM/ASA Journal on Uncertainty Quantification},
  volume={10},
  number={1},
  pages={481--506},
  year={2022},
  publisher={SIAM}
}
@article{tuo2016theoretical,
  title={A theoretical framework for calibration in computer models: parametrization, estimation and convergence properties},
  author={Tuo, R and Wu, CF},
  journal={SIAM/ASA Journal on Uncertainty Quantification},
  volume={4},
  number={1},
  pages={767--795},
  year={2016},
  publisher={SIAM}
}

@article{wycoff2021jcgs,
author = {Nathan Wycoff and MickaÃ«l Binois and Stefan M. Wild},
title = {Sequential Learning of Active Subspaces},
journal = {Journal of Computational and Graphical Statistics},
volume = {30},
number = {4},
pages = {1224-1237},
year  = {2021},
publisher = {Taylor & Francis},
doi = {10.1080/10618600.2021.1874962}
}

@article{bryn2014learning,
  title={Learning about physical parameters: The importance of model discrepancy},
  author={Brynjarsdottir, J and O'Hagan, A},
  journal={Inverse Problems},
  volume={30},
  number={11},
  pages={114007},
  year={2014},
  publisher={IOP Publishing}
}

@article{sauer2021active,
  title={Active learning for deep Gaussian process surrogates},
  author={Sauer, Annie and Gramacy, Robert B and Higdon, David},
  journal={Technometrics},
  pages={1--15},
  year={2022},
  publisher={Taylor \& Francis}
}

@article{gu2018jointly,
  title={Jointly robust prior for {G}aussian stochastic process in emulation, calibration and variable selection},
  author={Gu, M},
  journal={Bayesian Analysis},
  year={2019},
  volume={14},
  number={3},
  pages={857--885},
  publisher={International Society for Bayesian Analysis}
}

@Article{Higdon:2004,
  author =       {Dave Higdon and Marc Kennedy and James C. Cavendish and John A. Cafeo and Robert D. Ryne},
  title =        {Combining field data and computer simulations for calibration and prediction},
  journal =      {SIAM Journal on Scientific Computing},
  year =         2004,
  volume =       26,
  number =       2,
  pages =        {448--466},
  }

@article{plumlee2017bayesian,
  title={Bayesian calibration of inexact computer models},
  author={Plumlee, Matthew},
  journal={Journal of the American Statistical Association},
  volume={112},
  number={519},
  pages={1274--1285},
  year={2017},
  publisher={Taylor \& Francis}
}

@Article{plumlee2019,
  Author = {Plumlee, Matthew},
  Title = {Computer model calibration with confidence and consistency},
  Journal   = {Journal of the Royal Statistical Society: Series B},
  Year   = {2019},
  Pages  = {519-545},
  Volume = {81},
  number = {3}
}

@article{tuo2016,
author = {Tuo, Rui and Wu, C. F. Jeff},
journal = {Journal of Uncertainty Quantification},
pages = {767--795},
title = {A Theoretical Framework for Calibration in Computer Models:
Parameterization, Estimation and Convergence Properties},
volume = 4,
year = 2016
}

@article{tuo2015,
author = {Tuo, Rui and Wu, C. F. Jeff},
journal = {Annals of Statistics},
month = {12},
number = {6},
pages = {2331--2352},
title = {Efficient calibration for imperfect computer models},
volume = {43},
year = {2015}
}

@article{wong2017,
author = {Wong,Raymond K. W. and Storlie,Curtis B. and Lee, Thomas C. M.},
journal = {Journal of the Royal Statistical Society: Series B (Statistical Methodology)},
number = {2},
pages = {635--648},
title = {A Frequentist Approach to Computer Model Calibration},
volume = {79},
year = {2017}
}
@article{fer2018linking,
  title={Linking big models to big data: efficient ecosystem model calibration through Bayesian model emulation},
  author={Fer, Istem and Kelly, Ryan and Moorcroft, Paul R and Richardson, Andrew D and Cowdery, Elizabeth M and Dietze, Michael C},
  journal={Biogeosciences},
  volume={15},
  number={19},
  pages={5801--5830},
  year={2018},
  publisher={Copernicus GmbH}
}
@article{gupta1992extractive,
  title={Extractive metallurgy of rare earths},
  author={Gupta, Chiranjib Kumar and Krishnamurthy, Nagaiyar},
  journal={International materials reviews},
  volume={37},
  number={1},
  pages={197--248},
  year={1992},
  publisher={Taylor \& Francis}
}
@article{williams2011batch,
  title={Batch sequential design to achieve predictive maturity with calibrated computer models},
  author={Williams, Brian J and Loeppky, Jason L and Moore, Leslie M and Macklem, Mason S},
  journal={Reliability Engineering \& System Safety},
  volume={96},
  number={9},
  pages={1208--1219},
  year={2011},
  publisher={Elsevier}
}
@article{arendt2016preposterior,
  title={A preposterior analysis to predict identifiability in the experimental calibration of computer models},
  author={Arendt, Paul D and Apley, Daniel W and Chen, Wei},
  journal={IIE Transactions},
  volume={48},
  number={1},
  pages={75--88},
  year={2016},
  publisher={Taylor \& Francis}
}
@article{baker2020stochastic,
  title={Stochastic simulators: An overview with opportunities},
  author={Baker, Evan and Barbillon, Pierre and Fadikar, Arindam and Gramacy, Robert B and Herbei, Radu and Higdon, David and Huang, Jiangeng and Johnson, Leah R and Mondal, Anirban and Pires, Bianica and others},
  journal={arXiv preprint arXiv:2002.01321},
  year={2020}
}
@article{bayarri2007framework,
  title={A framework for validation of computer models},
  author={Bayarri, Maria J and Berger, James O and Paulo, Rui and Sacks, Jerry and Cafeo, John A and Cavendish, James and Lin, Chin-Hsu and Tu, Jian},
  journal={Technometrics},
  volume={49},
  number={2},
  pages={138--154},
  year={2007},
  publisher={Taylor \& Francis}
}
@article{ver1998constructing,
  title={Constructing and fitting models for cokriging and multivariable spatial prediction},
  author={Ver Hoef, Jay M and Barry, Ronald Paul},
  journal={Journal of Statistical Planning and Inference},
  volume={69},
  number={2},
  pages={275--294},
  year={1998},
  publisher={Elsevier}
}
@book{gramacy2020surrogates,
  title = {Surrogates: {G}aussian Process Modeling, Design and Optimization for the Applied Sciences},
  author = {Robert B Gramacy},
  publisher = {Chapman Hall/CRC},
  address = {Boca Raton, Florida},
  note = {\url{http://bobby.gramacy.com/surrogates/}},
  year = {2020}
}
@article{herbei2014estimating,
  title={Estimating ocean circulation: an MCMC approach with approximated likelihoods via the Bernoulli factory},
  author={Herbei, Radu and Berliner, L Mark},
  journal={Journal of the American Statistical Association},
  volume={109},
  number={507},
  pages={944--954},
  year={2014},
  publisher={Taylor \& Francis}
}
@incollection{higdon2002space,
  title={Space and space-time modeling using process convolutions},
  author={Higdon, Dave},
  booktitle={Quantitative methods for current environmental issues},
  pages={37--56},
  year={2002},
  publisher={Springer}
}
@article{johnson1990minimax,
  title={Minimax and maximin distance designs},
  author={Johnson, Mark E and Moore, Leslie M and Ylvisaker, Donald},
  journal={Journal of statistical planning and inference},
  volume={26},
  number={2},
  pages={131--148},
  year={1990},
  publisher={Elsevier}
}
@misc{VanGosen2014,
  doi = {10.3133/fs20143078},
  url = {https://doi.org/10.3133/fs20143078},
  year = {2014},
  publisher = {{US} Geological Survey},
  author = {Bradley S. Van Gosen and Philip L. Verplanck and Keith R. Long and Joseph Gambogi and Robert R. Seal},
  title = {The rare-earth elements: Vital to modern technologies and lifestyles}
}
@misc{Goonan2011,
  doi = {10.3133/sir20115094},
  url = {https://doi.org/10.3133/sir20115094},
  year = {2011},
  publisher = {{US} Geological Survey},
  author = {Thomas G. Goonan},
  title = {Rare earth elements: end use and recyclability}
}
@article{gupta,
  title={Extractive metallurgy of rare earths},
  author={Gupta, Chiranjib Kumar and Krishnamurthy, Nagaiyar},
  journal={International Materials Reviews},
  volume={37},
  number={1},
  pages={197--248},
  year={1992},
  publisher={Taylor \& Francis}
}
@article{balaram2019rare,
  title={Rare earth elements: A review of applications, occurrence, exploration, analysis, recycling, and environmental impact},
  author={Balaram, V},
  journal={Geoscience Frontiers},
  volume={10},
  number={4},
  pages={1285--1303},
  year={2019},
  publisher={Elsevier}
}
@article{kennedy2001bayesian,
  title={Bayesian calibration of computer models},
  author={Kennedy, Marc C and O'Hagan, Anthony},
  journal={Journal of the Royal Statistical Society: Series B (Statistical Methodology)},
  volume={63},
  number={3},
  pages={425--464},
  year={2001},
  publisher={Wiley Online Library}
}
@article{krishna2021robust,
  title={Robust experimental designs for model calibration},
  author={Krishna, Arvind and Joseph, V Roshan and Ba, Shan and Brenneman, William A and Myers, William R},
  journal={Journal of Quality Technology},
  pages={1--12},
  year={2021},
  publisher={Taylor \& Francis}
}
@article{leatherman2017designing,
  title={Designing combined physical and computer experiments to maximize prediction accuracy},
  author={Leatherman, Erin R and Dean, Angela M and Santner, Thomas J},
  journal={Computational Statistics \& Data Analysis},
  volume={113},
  pages={346--362},
  year={2017},
  publisher={Elsevier}
}
@book{bernstein2009matrix,
  title={Matrix mathematics},
  author={Bernstein, Dennis S},
  year={2009},
  publisher={Princeton university press}
}
@article{bayarri2009modularization,
  title={Modularization in Bayesian analysis, with emphasis on analysis of computer models},
  author={Bayarri, MJ and Berger, JO and Liu, F},
  journal={Bayesian Analysis},
  volume={4},
  number={1},
  pages={119--150},
  year={2009},
  publisher={International Society for Bayesian Analysis}
}
@article{morris2015physical,
  title={Physical experimental design in support of computer model development},
  author={Morris, Max D},
  journal={Technometrics},
  volume={57},
  number={1},
  pages={45--53},
  year={2015},
  publisher={Taylor \& Francis}
}

@article{ranjan2011follow,
  title={Follow-up experimental designs for computer models and physical processes},
  author={Ranjan, Pritam and Lu, Wilson and Bingham, Derek and Reese, Shane and Williams, Brian J and Chou, Chuan-Chih and Doss, Forrest and Grosskopf, Michael and Holloway, James Paul},
  journal={Journal of Statistical Theory and Practice},
  volume={5},
  number={1},
  pages={119--136},
  year={2011},
  publisher={Taylor \& Francis}
}

@article{cole2021entropy,
  title={Entropy-based adaptive design for contour finding and estimating reliability},
  author={Cole, D Austin and Gramacy, Robert B and Warner, James E and Bomarito, Geoffrey F and Leser, Patrick E and Leser, William P},
  journal={arXiv preprint arXiv:2105.11357},
  year={2021}
}

@article{ranjan2008sequential,
  title={Sequential experiment design for contour estimation from complex computer codes},
  author={Ranjan, Pritam and Bingham, Derek and Michailidis, George},
  journal={Technometrics},
  volume={50},
  number={4},
  pages={527--541},
  year={2008},
  publisher={Taylor \& Francis}
}


@Article{gra:etal:2015,
     Author = {Robert B Gramacy and Derek Bingham and James Paul Holloway and Michael J. Grosskopf and Carolyn C. Kuranz and Erica Rutter and Matt Trantham and R. Paul Drake},
     Journal = {Annals of Applied Statistics},
     Month = {},
     Number = 3,
     Title = {Calibrating a large computer experiment simulating radiative shock hydrodynamics},
     Year = 2015,
     Volume = {9},
     Pages = {1141--1168}
}

@inproceedings{cohn1994neural,
  title={Neural network exploration using optimal experiment design},
  author={Cohn, DA},
  booktitle={Advances in Neural Information Processing Systems},
  pages={679--686},
  year={1994}
}


@article{sacks1989design,
  title={Design and analysis of computer experiments},
  author={Sacks, Jerome and Welch, William J and Mitchell, Toby J and Wynn, Henry P},
  journal={Statistical science},
  volume={4},
  number={4},
  pages={409--423},
  year={1989},
  publisher={Institute of Mathematical Statistics}
}
@article{tuo2016theoretical,
  title={A theoretical framework for calibration in computer models: parametrization, estimation and convergence properties},
  author={Tuo, Rui and Jeff Wu, CF},
  journal={SIAM/ASA Journal on Uncertainty Quantification},
  volume={4},
  number={1},
  pages={767--795},
  year={2016},
  publisher={SIAM}
}
@article{tuo2015efficient,
  title={Efficient calibration for imperfect computer models},
  author={Tuo, Rui and Wu, CF Jeff},
  journal={The Annals of Statistics},
  volume={43},
  number={6},
  pages={2331--2352},
  year={2015},
  publisher={Institute of Mathematical Statistics}
}
@Manual{hetGP,
    title = {hetGP: Heteroskedastic Gaussian Process Modeling and Design under Replication},
    author = {Binois, Mickael and Gramacy, Robert B},
    year = {2021},
    note = {R package version 1.1.5},
  }

@article{marrel2009calculations,
  title={Calculations of {S}obol indices for the {G}aussian process metamodel},
  author={Marrel, A and Iooss, B and Laurent, B and Roustant, O},
  journal={Reliability Engineering \& System Safety},
  volume={94},
  number={3},
  pages={742--751},
  year={2009},
  publisher={Elsevier}
}

@inproceedings{gramacy2022triangulation,
title={Triangulation candidates for Bayesian optimization},
author={Robert B Gramacy and Annie Sauer and Nathan Wycoff},
booktitle={Advances in Neural Information Processing Systems},
editor={Alice H. Oh and Alekh Agarwal and Danielle Belgrave and Kyunghyun Cho},
year={2022},
url={https://openreview.net/forum?id=OFJSAMwskM}
}

@inproceedings{wei2015submodularity,
  title={Submodularity in data subset selection and active learning},
  author={Wei, Kai and Iyer, Rishabh and Bilmes, Jeff},
  booktitle={International Conference on Machine Learning},
  pages={1954--1963},
  year={2015},
  organization={PMLR}
}

@article{jones1998efficient,
  title={Efficient global optimization of expensive black-box functions},
  author={Jones, DR and Schonlau, M and Welch, WJ},
  journal={Journal of Global Optimization},
  volume={13},
  number={4},
  pages={455--492},
  year={1998},
  publisher={Springer}
}

@Article{Huang:2018,
      Author = {Huang, Jiangeng and Gramacy, Robert B and Binois, Micka\"{e}l and
      Libraschi, Mirko},
      Title = {On-site surrogates for large-scale calibration},
      Year = {2020},
      pages = {283--304},
      volume = {36},
      number = {2},
       journal = {Applied Stochastic Models in Business and Industry},
      note={preprint on arXiv:1810.01903}
      }

@article{johnson:2008,
  author = {Johnson, Leah R.},
  title = {Microcolony and Biofilm Formation as a Survival Strategy for Bacteria},
  journal = {Journal of Theoretical Biology},
  year= {2008},
  volume = {251},
  pages = {24--34}
}

@article{binois2019replication,
  title={Replication or exploration? Sequential design for stochastic simulation experiments},
  author={Binois, Mickael and Huang, Jiangeng and Gramacy, Robert B and Ludkovski, Mike},
  journal={Technometrics},
  volume={61},
  number={1},
  pages={7--23},
  year={2019},
  publisher={Taylor \& Francis}
}
@article{lhs,
  title={Comparison of three methods for selecting values of input variables in the analysis of output from a computer code},
  author={McKay, Michael D and Beckman, Richard J and Conover, William J},
  journal={Technometrics},
  volume={21},
  number={2},
  pages={239--245},
  year={1979},
  publisher={Taylor \& Francis}
}

@book{williams2006gaussian,
  title={Gaussian processes for machine learning},
  author={Williams, Christopher K and Rasmussen, Carl Edward},
  volume={2},
  number={3},
  year={2006},
  publisher={MIT press Cambridge, MA}
}

@article{byrd1995limited,
  title={A limited memory algorithm for bound constrained optimization},
  author={Byrd, RH and Qiu, P and Nocedal, J and and Zhu, C},
  journal={Journal on Scientific Computing},
  volume={16},
  number={5},
  pages={1190--1208},
  year={1995},
  publisher={Society for Industrial and Applied Mathematics}
}

@article{matheron1963principles,
  title={Principles of geostatistics},
  author={Matheron, Georges},
  journal={Economic geology},
  volume={58},
  number={8},
  pages={1246--1266},
  year={1963},
  publisher={Society of Economic Geologists}
}

@article{booker1999rigorous,
  title={A rigorous framework for optimization of expensive functions by surrogates},
  author={Booker, Andrew J and Dennis, John E and Frank, Paul D and Serafini, David B and Torczon, Virginia and Trosset, Michael W},
  journal={Structural optimization},
  volume={17},
  number={1},
  pages={1--13},
  year={1999},
  publisher={Springer}
}
@article{schonlau1997computer,
  title={Computer experiments and global optimization},
  author={Schonlau, Matthias},
  year={1997},
  publisher={University of Waterloo}
}
@book{brent2013algorithms,
  title={Algorithms for minimization without derivatives},
  author={Brent, Richard P},
  year={2013},
  publisher={Courier Corporation}
}
@article{nelder1965simplex,
  title={A simplex method for function minimization},
  author={Nelder, John A and Mead, Roger},
  journal={The computer journal},
  volume={7},
  number={4},
  pages={308--313},
  year={1965},
  publisher={Oxford University Press}
}
@book{santner2018design,
    Author = {Santner, TJ and Williams, BJ and Notz, W},
    Title = {The Design and Analysis of Computer Experiments, Second Edition},
    Year = {2018},
    Publisher = {Springer--Verlag},
    Pages = {436},
    address = {New York, NY}
}
@incollection{seo2000gaussian,
  title={Gaussian process regression: Active data selection and test point rejection},
  author={Seo, Sambu and Wallat, Marko and Graepel, Thore and Obermayer, Klaus},
  booktitle={Mustererkennung 2000},
  pages={27--34},
  year={2000},
  publisher={Springer}
}
@article{mackay1992information,
  title={Information-based objective functions for active data selection},
  author={MacKay, David JC},
  journal={Neural computation},
  volume={4},
  number={4},
  pages={590--604},
  year={1992},
  publisher={MIT Press One Rogers Street, Cambridge, MA 02142-1209, USA journals-info~â¦}
}
@article{zhang2020batch,
  title={Batch-sequential design and heteroskedastic surrogate modeling for delta smelt conservation},
  author={Zhang, Boya and Gramacy, Robert B and Johnson, Leah and Rose, Kenneth A and Smith, Eric},
  journal={arXiv preprint arXiv:2010.06515},
  year={2020}
}
@article{cole2021locally,
  title={Locally induced Gaussian processes for large-scale simulation experiments},
  author={Cole, D Austin and Christianson, Ryan B and Gramacy, Robert B},
  journal={Statistics and Computing},
  volume={31},
  number={3},
  pages={1--21},
  year={2021},
  publisher={Springer}
}

@inproceedings{ankenman2008stochastic,
  title={Stochastic kriging for simulation metamodeling},
  author={Ankenman, Bruce and Nelson, Barry L and Staum, Jeremy},
  booktitle={2008 Winter Simulation Conference},
  pages={362--370},
  year={2008},
  organization={IEEE}
}

@article{binois2018practical,
  title={Practical heteroscedastic gaussian process modeling for large simulation experiments},
  author={Binois, Mickael and Gramacy, Robert B and Ludkovski, Mike},
  journal={Journal of Computational and Graphical Statistics},
  volume={27},
  number={4},
  pages={808--821},
  year={2018},
  publisher={Taylor \& Francis}
}
@book{stein1999interpolation,
  title={Interpolation of spatial data: some theory for kriging},
  author={Stein, Michael L},
  year={1999},
  publisher={Springer Science \& Business Media}
}
@book{gupta2018matrix,
  title={Matrix variate distributions},
  author={Gupta, Arjun K and Nagar, Daya K},
  volume={104},
  year={2018},
  publisher={CRC Press}
}
@article{mckay2000comparison,
  title={A comparison of three methods for selecting values of input variables in the analysis of output from a computer code},
  author={McKay, Michael D and Beckman, Richard J and Conover, William J},
  journal={Technometrics},
  volume={42},
  number={1},
  pages={55--61},
  year={2000},
  publisher={Taylor \& Francis}
}

@article{gramacy2016lagp,
  title={laGP: large-scale spatial modeling via local approximate Gaussian processes in R},
  author={Robert B Gramacy},
  journal={Journal of Statistical Software},
  volume={72},
  pages={1--46},
  year={2016}
}

@article{gardner2018gpytorch,
  title={Gpytorch: Blackbox matrix-matrix gaussian process inference with gpu acceleration},
  author={Gardner, Jacob and Pleiss, Geoff and Weinberger, Kilian Q and Bindel, David and Wilson, Andrew G},
  journal={Advances in neural information processing systems},
  volume={31},
  year={2018}
}
@article{goh2013prediction,
  title={Prediction and computer model calibration using outputs from multifidelity simulators},
  author={Goh, Joslin and Bingham, Derek and Holloway, James Paul and Grosskopf, Michael J and Kuranz, Carolyn C and Rutter, Erica},
  journal={Technometrics},
  volume={55},
  number={4},
  pages={501--512},
  year={2013},
  publisher={Taylor \& Francis}
}
@article{bastos2009diagnostics,
  title={Diagnostics for Gaussian process emulators},
  author={Bastos, Leonardo S and OâHagan, Anthony},
  journal={Technometrics},
  volume={51},
  number={4},
  pages={425--438},
  year={2009},
  publisher={Taylor \& Francis}
}
@book{espenson1995chemical,
  title={Chemical kinetics and reaction mechanisms},
  author={Espenson, James H},
  volume={102},
  year={1995},
  publisher={Citeseer}
}